@article{Devroye:1988,
 author = {Devroye, L.},
 title = {Applications of the theory of records in the study of random trees},
 journal = {Acta Inf.},
 issue_date = {Oct. 1988},
 volume = {26},
 number = {1-2},
 month = oct,
 year = {1988},
 issn = {0001-5903},
 pages = {123--130},
 numpages = {8},
 url = {http://dx.doi.org/10.1007/BF02915448},
 doi = {10.1007/BF02915448},
 acmid = {56969},
 publisher = {Springer-Verlag New York, Inc.},
 address = {Secaucus, NJ, USA},
}
